
%%%%% EXAMPLE %%%%%%%%%%%%%%%%%

@book{barnett2005universe,
  title={The Universe and Dr. Einstein},
  author={Barnett, Lincoln and Einstein, Albert},
  year={2005},
  publisher={Courier Corporation}
}

%%%%%%%%%%% REMOVE %%%%%%%%%%%%%%%%%%

%%%%%%%%%%% SECTION: Review of literature %%%%%%%%%%%%%%%%%%

% Ministerio de sanidad website.
@misc{ministerio-sanidad,
  title = {Enfermedad por nuevo coronavirus, COVID-19},
  howpublished = {\url{https://www.mscbs.gob.es/profesionales/saludPublica/ccayes/alertasActual/nCov-China/home.htm}},
  note = {Accessed: 2020-05-21}
}

% CoronaMadrid applicaton
@misc{coronamadrid-page,
  title = {CoronaMadrid},
  howpublished = {\url{https://coronavirus.comunidad.madrid/}},
  note = {Accessed: 2020-05-25}
}

% CoronaMadrid data privacy consideration.
@misc{coronamadrid-privacy,
  title = {La 'App' de Madrid contra el coronavirus, ¿Es seguro dar mi móvil y todos mis datos?},
  author = {Grupo Ático34},
  howpublished = {\url{https://protecciondatos-lopd.com/empresas/coronavirus-app-madrid/}},
  note = {Accessed: 2020-05-25}
}

% STOP COVID19 APP
@misc{stop-covid19-cat,
  title = {STOP COVID19 - Digital Health platform},
  howpublished = {\url{https://stopcovid19.cat/en/}},
  note = {Accessed: 2020-05-25}
}

% First two apps in COVID-19 pandemic in Spain
@misc{first-covid19-apps,
  title = {CoronaMadrid y STOP Covid-19 CAT, las primeras 'apps' oficiales de autodiagnóstico del coronavirus},
  howpublished = {\url{https://www.rtve.es/noticias/20200324/coronamadrid-stop-covid-19-cat-aplicaciones-creadas-para-descongestionar-telefonos-emergencia/2010679.shtml}},
  author = {RTVE},
  note = {Accessed: 2020-05-25}
}

% Asistencia COVID-19 App
@misc{asistencia-covid-19,
  title = {Asistencia COVID-19},
  howpublished = {\url{https://asistencia.covid19.gob.es/}},
  note = {Accessed: 2020-05-25}
}

% Usage of data of Asistencia COVID-19
@misc{geolocalization-asistencia-covid-19,
  title = {DNI, geolocalización y domicilio: así funciona la app del Gobierno contra el Covid-19},
  author = {Daniel J. Ollero},
  howpublished = {\url{https://www.elmundo.es/tecnologia/2020/05/06/5eb2fb83fc6c8334168b4577.html}},
  note = {Accessed: 2020-05-25}
}